% This file was created with JabRef 2.5.
% Encoding: UTF8

@ARTICLE{HS-Flo,
  author = {Florian Rapp},
  title = {Entwicklung der Open-Street-Applikation für Windows Phone 7},
  year = {2010},
  owner = {Hades32},
  school = {Universität Ulm},
  timestamp = {2011.04.18}
}

@comment{jabref-meta: selector_publisher:}

@comment{jabref-meta: selector_author:}

@comment{jabref-meta: selector_journal:}

@comment{jabref-meta: selector_keywords:}

