% This file was created with JabRef 2.6.
% Encoding: Cp1252

@WWW{cloud,
  author = {CloudMade},
  title = {Geocoding and Geosearch},
  howpublished = {\url{http://developers.cloudmade.com/wiki/geocoding-http-api/Documentation}},
  note = {Zugegriffen am 05.04.2011},
  owner = {Florian},
  timestamp = {2011.04.05}
}

@WWW{osm,
  author = {OpenStreetApp Community},
  title = {OSM API v0.6},
  howpublished = {\url{http://wiki.openstreetmap.org/wiki/API_v0.6}},
  note = {Zugegriffen am 05.04.2011},
  owner = {Florian},
  timestamp = {2011.04.05},
  urldate = {05.04.2011}
}

@WWW{yahoo,
  author = {Yahoo! Inc},
  title = {Yahoo! PlaceFinder Guide},
  howpublished = {\url{http://developer.yahoo.com/geo/placefinder/guide/}},
  note = {Zugegriffen am 05.04.2011},
  owner = {Florian},
  timestamp = {2011.04.05},
  urldate = {05.04.2011}
}

@WWW{launch,
  author = {Jan Kluczniok},
  title = {WP7: Alle Smartphones mit Microsofts neuem Handy-OS im Überblick},
  howpublished = {\url{http://www.netzwelt.de/news/84335-wp7-smartphones-microsofts-neuem-handy-os-ueberblick.html}},
  note = {Zugegriffen am 05.04.2011},
  owner = {Florian},
  timestamp = {2011.04.05},
  urldate = {05.04.2011}
}

@BOOK{coding,
  title = {Programming Windows Phone 7},
  publisher = {Microsoft Press},
  year = {2010},
  editor = {Devon Musgrave},
  author = {Microsoft},
  owner = {Florian},
  timestamp = {2011.04.05}
}

@WWW{bing,
  author = {Microsoft},
  title = {Bing Maps API},
  howpublished = {\url{http://msdn.microsoft.com/en-us/library/dd877180.aspx}},
  note = {Zugegriffen am 05.04.2011},
  owner = {Florian},
  timestamp = {2011.04.05},
  urldate = {05.04.2011}
}

@WWW{adds,
  author = {Elbert Perez},
  title = {Ads and WP7 Games},
  howpublished = {\url{http://www.occasionalgamer.com/2011/02/09/ads-and-wp7-games/}},
  note = {Zugegriffen am 09.02.2011},
  owner = {Florian},
  timestamp = {2011.05.30}
}

@BOOK{silverlight,
  title = {Silverlight for Windows Phone - learn \& practice},
  publisher = {Microsoft Innovation Center},
  year = {2010},
  author = {Puja Pramudya},
  owner = {Florian},
  timestamp = {2011.04.05}
}

@WWW{apps,
  author = {Jacob Schulman},
  title = {Windows Phone 7 Marketplace hits 10,000 apps, Microsoft WP7 updates
	still way outnumbered},
  howpublished = {\url{http://www.engadget.com/2011/03/11/windows-phone-7-marketplace-hits-10-000-apps-wp7-updates-still/}},
  note = {Zugegriffen am 11.03.2011},
  owner = {Florian},
  timestamp = {2011.04.05}
}

@comment{jabref-meta: selector_publisher:}

@comment{jabref-meta: selector_author:}

@comment{jabref-meta: selector_journal:}

@comment{jabref-meta: selector_keywords:}

@comment{jabref-meta: selector_sdfsf:asfsfadsf;}

@comment{jabref-entrytype: Www: req[author;title;howpublished;note] opt[]}

